<record><leader>00000cas a2200000 a 4500</leader><controlfield tag="001">8814223</controlfield><controlfield tag="008">820928d18541861iludn ne      0   a0eng  </controlfield><datafield ind1=" " ind2=" " tag="010"><subfield code="a">sn 82014253 </subfield></datafield><datafield ind1=" " ind2=" " tag="040"><subfield code="a">DLC</subfield><subfield code="b">eng</subfield><subfield code="c">DLC</subfield><subfield code="d">NPX</subfield><subfield code="d">DLC</subfield><subfield code="d">NPA</subfield><subfield code="d">DLC</subfield><subfield code="d">OCL</subfield><subfield code="d">NPV</subfield><subfield code="d">NVF</subfield><subfield code="d">OCL</subfield><subfield code="d">NVF</subfield><subfield code="d">CNK</subfield><subfield code="d">NVF</subfield><subfield code="d">CVF</subfield><subfield code="d">CRL</subfield><subfield code="d">OCL</subfield><subfield code="d">NVF</subfield><subfield code="d">OCLCQ</subfield><subfield code="d">DLC</subfield><subfield code="d">OCLCQ</subfield><subfield code="d">OCLCF</subfield><subfield code="d">NVF</subfield><subfield code="d">DLC</subfield><subfield code="d">OCLCO</subfield></datafield><datafield ind1=" " ind2=" " tag="019"><subfield code="a">8802776</subfield><subfield code="a">8814447</subfield><subfield code="a">24874640</subfield></datafield><datafield ind1="1" ind2=" " tag="029"><subfield code="a">AU@</subfield><subfield code="b">000002648192</subfield></datafield><datafield ind1=" " ind2=" " tag="042"><subfield code="a">pcc</subfield></datafield><datafield ind1=" " ind2=" " tag="043"><subfield code="a">n-us-il</subfield></datafield><datafield ind1="0" ind2="0" tag="050"><subfield code="a">Newspaper</subfield></datafield><datafield ind1="0" ind2="4" tag="245"><subfield code="a">The daily Chicago times.</subfield></datafield><datafield ind1="1" ind2=" " tag="246"><subfield code="i">Published as:</subfield><subfield code="a">Daily times and herald</subfield><subfield code="f">July 31-Nov. 26, 1860</subfield></datafield><datafield ind1=" " ind2=" " tag="260"><subfield code="a">Chicago, Ill. :</subfield><subfield code="b">Cook, Cameron &amp; Sheahan</subfield></datafield><datafield ind1=" " ind2=" " tag="300"><subfield code="a">v.</subfield></datafield><datafield ind1=" " ind2=" " tag="310"><subfield code="a">Daily (except Sunday),</subfield><subfield code="b">&lt;Sept. 4, 1860&gt;-June 19, 1861</subfield></datafield><datafield ind1=" " ind2=" " tag="321"><subfield code="a">Daily (except Sunday),</subfield><subfield code="b">&lt;Jan. 1, 1856&gt;-&lt;&gt;</subfield></datafield><datafield ind1=" " ind2=" " tag="321"><subfield code="a">Daily (except Monday),</subfield><subfield code="b">&lt;May 2, 1856-July 22, 1860&gt;</subfield></datafield><datafield ind1="1" ind2=" " tag="362"><subfield code="a">Began in 1854?</subfield></datafield><datafield ind1="0" ind2=" " tag="362"><subfield code="a">-v. 1, no. 275 (June 19, 1861).</subfield></datafield><datafield ind1=" " ind2=" " tag="580"><subfield code="a">Weekly eds.: Weekly Chicago times, &lt;1856&gt;-1861, and: Weekly times and herald, 1860-&lt;&gt;.</subfield></datafield><datafield ind1=" " ind2=" " tag="588"><subfield code="a">Description based on: Vol. 3, no. 1 (Jan. 1, 1856).</subfield></datafield><datafield ind1=" " ind2="0" tag="651"><subfield code="a">Chicago (Ill.)</subfield><subfield code="v">Newspapers.</subfield></datafield><datafield ind1=" " ind2="7" tag="651"><subfield code="a">Illinois</subfield><subfield code="z">Chicago.</subfield><subfield code="2">fast</subfield><subfield code="0">(OCoLC)fst01204048</subfield></datafield><datafield ind1=" " ind2="7" tag="655"><subfield code="a">Newspapers.</subfield><subfield code="2">fast</subfield><subfield code="0">(OCoLC)fst01423814</subfield></datafield><datafield ind1=" " ind2=" " tag="752"><subfield code="a">United States</subfield><subfield code="b">Illinois</subfield><subfield code="c">Cook</subfield><subfield code="d">Chicago.</subfield></datafield><datafield ind1="1" ind2=" " tag="775"><subfield code="t">Weekly Chicago times</subfield><subfield code="w">(DLC)sn 84024023</subfield><subfield code="w">(OCoLC)10316201</subfield></datafield><datafield ind1="1" ind2=" " tag="775"><subfield code="t">Weekly times and herald</subfield><subfield code="w">(DLC)sn 91055470</subfield><subfield code="w">(OCoLC)24874631</subfield></datafield><datafield ind1="0" ind2="0" tag="780"><subfield code="t">Chicago times (Chicago, Ill. : 1855)</subfield><subfield code="w">(DLC)sn 82014256</subfield><subfield code="w">(OCoLC)8814503</subfield></datafield><datafield ind1="0" ind2="5" tag="780"><subfield code="t">Daily Chicago herald</subfield><subfield code="g">July 1860</subfield><subfield code="w">(DLC)sn 82015053</subfield><subfield code="w">(OCoLC)8803212</subfield></datafield><datafield ind1="0" ind2="0" tag="785"><subfield code="t">Chicago times (Chicago, Ill. : 1861)</subfield><subfield code="w">(DLC)sn 84024115</subfield><subfield code="w">(OCoLC)10523217</subfield></datafield></record>